@misc{oppen,
  author       = {Oppen, D.},
  title        = {Pretty printing},
  year         = {1979},
  howpublished = {Stanford Verification Group, Report No. 13, Computer Science Department Report No. STAN-CS-79-770}
}

@misc{swierstra,
  author       = {Azero, P. and Swierstra, S. D.},
  title        = {Optimal Pretty-Printing Combinators},
  year         = {1998},
  howpublished = {{Available from: {\tt http://www.cs.ruu.nl/groups/ST/Software/PP/}}},
  url          = {http://www.cs.ruu.nl/groups/ST/Software/PP/},
  note         = {},
}

@misc{olaf,
	author       = {Chitil, O.},
	title        = {Pretty printing with lazy dequeues},
	journal      = {Transactions on Programming Languages and Systems (TOPLAS)},
	volume       = {27},
	number       = {1},
	pages        = {163--184},
	year         = {2005}
}

@misc{hughes,
    author = {Hughes, J.},
    title = {The Design of a Pretty-printing Library},
    booktitle = {Advanced Functional Programming},
    year = {1995},
    pages = {53--96},
    publisher = {Springer Verlag}
}

@misc{wadler,
    author = {Wadler, P.},
    title = {A Prettier Printer},
    booktitle = {Journal of Functional Programming},
    year = {1998},
    pages = {223--244},
    publisher = {Palgrave Macmillan}
}

@misc{peytonJones,
	author = {Peyton Jones, S.},
	title  = {Haskell pretty-printer library},
	year   = {1997},
	url    = {http://www.haskell.org/ghc/docs/latest/html/libraries/pretty-1.1.1.0/Text-PrettyPrint.html}
}

@misc{ocamlFormat,
	title  = {O{C}aml Format library},
	url    = {http://caml.inria.fr/pub/docs/manual-ocaml/libref/Format.html}
}